<?xml version="1.0" encoding="UTF-8"?>
<record xmlns="http://www.loc.gov/MARC21/slim">
   <leader>00597cam a2200181La 4500</leader>
   <controlfield tag="001">7013897</controlfield>
   <controlfield tag="003">NjP</controlfield>
   <controlfield tag="005">20160915132526.0</controlfield>
   <controlfield tag="008">020607q1922    le            000 0 ara d</controlfield>
   <datafield tag="024" ind1="7" ind2=" ">
      <subfield code="a">princeton_aco004304</subfield>
      <subfield code="2">local</subfield>
   </datafield>
   <datafield ind1=" " ind2=" " tag="035">
      <subfield code="a">7013897</subfield>
   </datafield>
   <datafield ind1=" " ind2=" " tag="049">
      <subfield code="a">PULL</subfield>
   </datafield>
   <datafield ind1="1" ind2=" " tag="100">
      <subfield code="a">Namsawī, Krīstūf Shamīd.</subfield>
   </datafield>
   <datafield ind1="1" ind2="0" tag="245">
      <subfield code="a">Kitāb riwāyat Junfiyāf /</subfield>
      <subfield code="c">taʾlīf Krīstūf Shamīd ʾal-Namsawī ; mutarjamah bi-qalam Mīkhāʾīl Jahshān.</subfield>
   </datafield>
   <datafield ind1="1" ind2="1" tag="246">
      <subfield code="a">Riwāyat Junfiyāf</subfield>
   </datafield>
   <datafield ind1=" " ind2=" " tag="260">
      <subfield code="a">Bayrūt :</subfield>
      <subfield code="b">Maktabat Ṣādir,</subfield>
      <subfield code="c">1922?.</subfield>
   </datafield>
   <datafield ind1=" " ind2=" " tag="300">
      <subfield code="a">148 p ;</subfield>
      <subfield code="c">20cm.</subfield>
   </datafield>
   <datafield ind1=" " ind2=" " tag="994">
      <subfield code="a">C0</subfield>
      <subfield code="b">PUL</subfield>
   </datafield>
   <datafield ind1=" " ind2=" " tag="904">
      <subfield code="a">jab</subfield>
      <subfield code="b">g</subfield>
      <subfield code="h">n</subfield>
      <subfield code="c">b</subfield>
      <subfield code="e">20120313</subfield>
   </datafield>
   <datafield ind1=" " ind2=" " tag="902">
      <subfield code="a">jab</subfield>
      <subfield code="b">o</subfield>
      <subfield code="6">a</subfield>
      <subfield code="7">m</subfield>
      <subfield code="d">v</subfield>
      <subfield code="f">1</subfield>
      <subfield code="e">20120313</subfield>
   </datafield>
   <datafield ind1="0" ind2="0" tag="852">
      <subfield code="0">6900705</subfield>
      <subfield code="b">rcppa</subfield>
      <subfield code="h">PJ6171</subfield>
      <subfield code="i">.N35 1922</subfield>
   </datafield>
   <datafield ind1=" " ind2=" " tag="959">
      <subfield code="a">2012-03-13 11:07:35 -0500</subfield>
   </datafield>
</record>
